@article{sheffer1913set,
  title={A set of five independent postulates for Boolean algebras, with application to logical constants},
  author={Sheffer, Henry Maurice},
  journal={Transactions of the American mathematical society},
  volume={14},
  number={4},
  pages={481--488},
  year={1913}
}

@misc{nandwiki,
  howpublished= { \url{https://commons.wikimedia.org/wiki/File:NAND_ANSI_Labelled.svg}},
}

@misc{norwiki,
  howpublished= { \url{https://commons.wikimedia.org/wiki/File:NOR_ANSI_Labelled.svg}},
}

@misc{rigetti,
  howpublished = {{https://www.rigetti.com/forest}},
}

@book{nielsen_chuang_2010, 
	place={Cambridge}, 	
    title={Quantum Computation and Quantum Information: 10th Anniversary Edition}, 		
    DOI={10.1017/CBO9780511976667}, publisher={Cambridge University Press}, 
    author={Nielsen, Michael A. and Chuang, Isaac L.}, 
    year={2010}
}

